@misc{WhatIsAt24:online,
	author = {},
	title = {What Is Attention? - MachineLearningMastery.com},
	howpublished = {\url{https://machinelearningmastery.com/what-is-attention/}},
	month = {},
	year = {},
	note = {(Accessed on 04/18/2023)}
}

 
